@Book{movimientosestudiantiles,
 editor = {Albizu Landa, Xabier and Fernández González, Joseba and Zubiri Rey, Jon Bernart},
 title = {Movimientos estudiantiles},
 subtitle = {Resistir, imaginar, crear en la Universidad},
 publisher = {Universidad del País Vasco/Euskal Herriko Unibertsitatea},
 isbn = {978-84-96993-05-1},
 year = {2008},
}

@InBook{inakigarciaupvehu,
 crossref = {movimientosestudiantiles},
 author = {García García, Iñaki},
 title = {La Representación Estudiantil en la UPV/EHU en el periodo 2000-2007},
 pages = {139--152},
 chapter = {8},
 url = {http://dialnet.unirioja.es/descarga/articulo/2687231.pdf},
 urldate = {2014-04-01}
}

@Online{android-versions,
 title = {Dashboards},
 author = {{Google Inc.}},
 langid = {english},
 url = {https://developer.android.com/intl/es/about/dashboards/index.html},
 urldate = {2014-05-12}
}

@Manual{oauthrfc,
 title = {The OAuth 2.0 Authorization Framework},
 author = {Dick Hardt},
 organization = {{Internet Engineering Task Force}},
 year = {2012},
 langid = {english},
 url = {http://tools.ietf.org/html/rfc6749},
 urldate = {2014-03-30}
}

@Manual{oauth-bearer-rfc,
  title = {The OAuth 2.0 Authorization Framework: Bearer Token Usage},
  author = {M. Jones and Dick Hardt},
  organization = {{Internet Engineering Task Force}},
  year = {2012},
  langid = {english},
  url = {http://tools.ietf.org/html/rfc6750},
  urldate = {2014-04-30}
}

@Online{mongodb,
 title = {MongoDB Overview},
 author = {{MongoDB Inc.}},
 url = {http://www.mongodb.com/mongodb-overview},
 urldate = {2014-03-30}
}

@Article{whymongodb,
 title = {Why MongoDB? It's the developers, stupid},
 author = {Matt Asay},
 date = {2012-06-11},
 publisher = {The Register},
 url = {http://www.theregister.co.uk/2012/06/11/mongo_db/},
 urldate = {2014-04-01}
}

@Online{freesoftware,
  title = {¿Qué es el software libre?},
  author = {{Free Software Foundation, Inc}},
  translator = {Arteaga Mejía, Luis Miguel},
  url = {https://www.gnu.org/philosophy/free-sw.html},
  urldate = {2014-05-08}
}

@Online{knpbundles,
 title = {KnpBundles},
 author = {KnpLabs},
 url = {http://knpbundles.com/},
 urldate = {2014-04-01}
}

@Online{whatscala,
 title = {What is Scala?},
 author = {Martin Odersky},
 institution = {École Polytechnique Fédérale de Lausanne (EPFL)},
 url = {http://www.scala-lang.org/what-is-scala.html},
 urldate = {2014-03-30},
}

@Online{playframework,
  title = {Play! Framework},
  subtitle = {The High Velocity Web Framework For Java and Scala},
  author = {{Typesafe, Inc}},
  langid = {english},
  url = {http://www.playframework.com/},
  urldate = {2014-05-08}
}

@Online{understandingexpress,
 title = {Understanding Express.js},
 author = {Evan Hahn},
 date = {2014-03-04},
 url = {http://evanhahn.com/understanding-express/},
 urldate = {2014-04-01}
}

@Online{googlev8,
 title = {Chrome V8 Introduction},
 author = {{Google Inc.}},
 url = {https://developers.google.com/v8/intro},
 urldate = {2014-04-01}
}

@Article{understandingeventdriven,
 title = {Node.js, Doctor’s Offices and Fast Food Restaurants -- Understanding Event-driven Programming},
 author = {Dan York},
 date = {2011-01-25},
 url = {http://code.danyork.com/2011/01/25/node-js-doctors-offices-and-fast-food-restaurants-understanding-event-driven-programming/},
 urldate = {2014-04-01},
 langid = {english}
}

@Online{agnostic,
 title = {What is agnostic?},
 author = {Margaret Rouse},
 publisher = {Whatis.com},
 langid = {english},
 url = {http://whatis.techtarget.com/definition/agnostic},
 urldate = {2014-05-08}
}

@Online{cordova,
  title = {Apache Cordova},
  author = {The {Apache Software Foundation}},
  langid = {english},
  url = {https://cordova.apache.org/},
  urldate = {2014-05-03}
}

@Online{phonegap,
  title = {Phonegap},
  author = {{Adobe Systems Inc.}},
  langid = {english},
  url = {http://phonegap.com/},
  urldate = {2014-05-03}
}

@Article{gartnerandroid,
 title = {Gartner Says Annual Smartphone Sales Surpassed Sales of Feature Phones for the First Time in 2013},
 author = {Janessa Rivera and Rob van der Meulen},
 publisher = {Gartner},
 date = {2014-02-13},
 url = {https://www.gartner.com/newsroom/id/2665715},
 urldate = {2014-04-02},
 langid = {english}
}

@Article{androidbycountry,
 title = {Smartphone Market Share By Country --- Q3 2013: Android Dominates Outside US, Windows Phone Grows In Europe},
 author = {Sameer Singh},
 publisher = {Tech-thoughts},
 date = {2013-11-18},
 url = {http://www.tech-thoughts.net/2013/11/smartphone-market-share-by-country-q3-2013.html},
 urldate = {2014-04-02},
 langid = {english}
}

@Online{backbone,
 title = {Backbone.js},
 author = {DocumentCloud},
 langid = {english},
 url = {http://backbonejs.org/},
 urldate = {2014-04-06}
}

@Online{marionette,
 title = {Marionette.js},
 author = {{MojoTech, LLC}},
 langid = {english},
 url = {http://marionettejs.com/},
 urldate = {2014-04-06}
}

@Online{bootstrap,
  title = {Bootrap},
  subtitle = {The most popular front-end framework for developing responsive, mobile first projects on the web},
  author = {{Twitter, Inc.}},
  langid = {english},
  url = {http://getbootstrap.com/},
  urldate = {2014-04-11}
}

@Online{foundation,
  title = {Foundation},
  subtitle = {The most advanced responsive front-end framework in the world},
  author = {{ZURB, Inc.}},
  langid = {english},
  url = {http://foundation.zurb.com/},
  urldate = {2014-04-11}
}

@Article{paas-growth,
  title = {Why Platform--as--a--Service is poised for huge growth},
  author = {Sean Ludwig},
  date = {2012-10-08},
  langid = {english},
  url = {http://venturebeat.com/2012/10/08/paas-platform-as-a-service-explained/},
  urldate = {2014-04-14}
}

@Article{mikelnino:entrevistas,
 title = {Cinco claves sobre entrevistas de ``Customer Development'' para que el cliente sea PARTE de la creación de tu startup},
 author = {Mikel Niño},
 date = {2013-12-24},
 url = {http://www.mikelnino.com/2013/12/cinco-claves-entrevistas-Customer-Development-cliente-PARTE-de-la-creacion-de-tu-startup.html},
 urldate = {2014-04-07}
}

@Article{mikelnino:clientes,
  title = {Modelado y segmentación de clientes},
  author = {Mikel Niño},
  date = {2014-04-04},
  url = {http://www.mikelnino.com/2014/04/visita-guiada-modelado-segmentacion-clientes.html},
  urldate = {2014-05-08}
}

@Book{leanstartup,
 title = {The Lean Startup},
 subtitle = {How Today's Entrepreneurs Use Continuous Innovation to Create Radically Successful Businesses},
 author = {Enric Ries},
 year = {2011},
 publisher = {Crown Business},
 isbn = {978-0-307-88791-7},
 langid = {english},
 url = {http://theleanstartup.com/},
 urldate = {2014-04-09}
}

@Manual{gcm-payload,
  title = {GCM Advanced Topics},
  chapter = {Messages with payload},
  author = {{Google Inc.}},
  langid = {english},
  url = {https://developer.android.com/intl/es/google/gcm/adv.html#payload},
  urldate = {2014-04-30}
}

@Manual{android-storage,
  title = {Storage Options},
  author = {{Google Inc.}},
  langid = {english},
  url = {https://developer.android.com/intl/es/guide/topics/data/data-storage.html},
  urldate = {2014-04-29}
}

@Online{android-location,
  title = {Location APIs},
  author = {{Google Inc.}},
  langid = {english},
  url = {https://developer.android.com/intl/es/google/play-services/location.html},
  urldate = {2014-04-29}
}

@Manual{geolocation-api,
  title = {Geolocation API Specification},
  editor = {Andrei Popescu},
  author = {{W3C Consortium}},
  langid = {english},
  date = {2013-10-24},
  url = {http://www.w3.org/TR/geolocation-API/},
  urldate = {2014-05-03}
}

@Manual{google-directions-api,
  title = {El API de rutas de Google},
  author = {{Google Inc.}},
  date = {2013-01-31},
  url = {https://developers.google.com/maps/documentation/directions/},
  urldate = {2014-05-03}
}

@Manual{android-permissions,
  title = {Manifest.permission},
  author = {{Google Inc.}},
  langid = {english},
  url = {https://developer.android.com/intl/es/reference/android/Manifest.permission.html},
  urldate = {2014-04-15}
}

@Manual{maps-android-permissions,
  title = {Google Maps V2},
  subtitle = {Getting started},
  author = {{Google Inc.}},
  langid = {english},
  url = {https://developers.google.com/maps/documentation/android/start#specify_permissions},
  urldate = {2014-04-15}
}

@Online{google-oauth-client,
  title = {Google OAuth Client Library for Java},
  author = {{Google Inc.}},
  langid = {english},
  url = {https://code.google.com/p/google-oauth-java-client/},
  urldate = {2014-04-30}
}

@Mastersthesis{ibaivalencia,
  title = {Análisis de soluciones innovadoras para desarrollar aplicaciones cliente--servidor con tratamiento avanzado de información en la nube},
  author = {Ibai Valencia},
  institution = {Universidad del Pais Vasco/Euskal Herriko Unibertsitatea},
  type = {Tesis de máster},
  date = {2013-07-10},
  url = {http://www.ibaivalencia.com/download/memoria-tfm-ibai-valencia/},
  urldate = {2014-05-03}
}
